% -------------------------------------------------------------------------
% This BibTex file was generated by Qiqqa (http://www.qiqqa.com/?ref=EXPBIB)
% Saturday, February 02, 2013 23:41:01
% Version 3
% -------------------------------------------------------------------------

@article{aone1996acquiring,
  title={Acquiring predicate-argument mapping information in multilingual texts},
  author={Aone, C. and McKee, D. and others},
  journal={Corpus processing for lexical acquisition},
  pages={191--202},
  year={1996}
}

@article{oreilly2007web,
  title={What is Web 2.0: Design patterns and business models for the next generation of software},
  author={OReilly, T.},
  journal={Communications \& strategies},
  number={1},
  pages={17},
  year={2007}
}

@article{van2002argument,
  title={Argument mapping with reason! able},
  author={Van Gelder, T.},
  journal={The American Philosophical Association Newsletter on Philosophy and Computers},
  volume={2},
  number={1},
  pages={85--90},
  year={2002},
  publisher={Citeseer}
}

@article{rahwan2006representing,
  title={Representing and Querying Arguments in RDF},
  author={Rahwan, I. and Sakeer, PV},
  journal={CMNA VI-Computational Models of Natural Argument},
  pages={62},
  year={2006}
}

@techreport{feng2010classifying,
  title={Classifying arguments by scheme},
  author={Feng, V.W. and Hirst, G.},
  year={2010},
  institution={Technical report, Department of Computer Science, University of Toronto, November. http://ftp. cs. toronto. edu/pub/gh/Feng-MSc-2010. pdf}
}

@inproceedings{rooney2012applying,
  title={Applying Kernel Methods to Argumentation Mining},
  author={Rooney, N. and Wang, H. and Browne, F.},
  booktitle={Twenty-Fifth International FLAIRS Conference},
  year={2012}
}

@article{abbas2008argument,
  title={Argument mining using highly structured argument repertoire},
  author={Abbas, S. and Sawamura, H.},
  journal={Educational Data Mining 2008},
  pages={202},
  year={2008}
}

@article{walton2012argument,
  title={Argument Mining by Applying Argumentation Schemes},
  author={Walton, D.},
  journal={Studies in Logic},
  volume={4},
  number={1},
  pages={2011},
  year={2012}
}

@article{rahwan2006representing,
  title={Representing and Querying Arguments in RDF},
  author={Rahwan, I. and Sakeer, PV},
  journal={CMNA VI-Computational Models of Natural Argument},
  pages={62},
  year={2006}
}

@techreport{feng2010classifying,
  title={Classifying arguments by scheme},
  author={Feng, V.W. and Hirst, G.},
  year={2010},
  institution={Technical report, Department of Computer Science, University of Toronto, November. http://ftp. cs. toronto. edu/pub/gh/Feng-MSc-2010. pdf}
}

@article{zablith2007argdf,
  title={ArgDF: Arguments on the Semantic Web},
  author={Zablith, F.},
  journal={Masterâ€™s, The British University in Dubai Jointly with The University of Edinburgh},
  year={2007}
}

@article{prakken2002role,
  title={The role of logic in computational models of legal argument: a critical survey},
  author={Prakken, H. and Sartor, G.},
  journal={Computational Logic: Logic Programming and Beyond},
  pages={175--188},
  year={2002},
  publisher={Springer}
}

@inproceedings{gildea2002necessity,
  title={The necessity of parsing for predicate argument recognition},
  author={Gildea, D. and Palmer, M.},
  booktitle={Proceedings of the 40th Annual Meeting on Association for Computational Linguistics},
  pages={239--246},
  year={2002},
  organization={Association for Computational Linguistics}
}

@inproceedings{surdeanu2003using,
  title={Using predicate-argument structures for information extraction},
  author={Surdeanu, M. and Harabagiu, S. and Williams, J. and Aarseth, P.},
  booktitle={Proceedings of the 41st Annual Meeting on Association for Computational Linguistics-Volume 1},
  pages={8--15},
  year={2003},
  organization={Association for Computational Linguistics}
}

@inproceedings{moreale2003genre,
  title={Genre analysis and the automated extraction of arguments from student essays},
  author={Moreale, E. and Vargas-Vera, M.},
  booktitle={The Seventh International Computer Assisted Assessment Conference(CAA-2003)},
  pages={8--9},
  year={2003}
}

@inproceedings{szpektor2009augmenting,
  title={Augmenting wordnet-based inference with argument mapping},
  author={Szpektor, I. and Dagan, I.},
  booktitle={Proceedings of the 2009 Workshop on Applied Textual Inference},
  pages={27--35},
  year={2009},
  organization={Association for Computational Linguistics}
}

@article{preminger2011argument,
  title={Argument-mapping and extraction},
  author={Preminger, O.},
  journal={Anuario del Seminario de Filolog{\'\i}a Vasca Julio de Urquijo},
  volume={41},
  number={2},
  year={2011}
}

@inproceedings{palau2009argumentation,
  title={Argumentation mining: the detection, classification and structure of arguments in text},
  author={Palau, R.M. and Moens, M.F.},
  booktitle={Proceedings of the 12th international conference on artificial intelligence and law},
  pages={98--107},
  year={2009},
  organization={ACM}
}

@misc{vukovic2007matematicka,
  title={Matematicka logika 1, skripta},
  author={Vukovic, M.},
  year={2007},
  publisher={PMF Matematicki odjel}
}
@book{van2003systematic,
  title={A systematic theory of argumentation: The pragma-dialectical approach},
  author={Van Eemeren, F.H. and Grootendorst, R.},
  volume={14},
  year={2003},
  publisher={Cambridge University Press}
}
@book{wolf2006coherence,
  title={Coherence in natural language: data structures and applications},
  author={Wolf, F. and Gibson, E.},
  year={2006},
  publisher={MIT Press}
}
@article{reed2007argument,
  title={Argument diagramming in logic, law and artificial intelligence},
  author={Reed, C. and Walton, D. and Macagno, F.},
  journal={The Knowledge Engineering Review},
  volume={22},
  number={01},
  pages={87--109},
  year={2007},
  publisher={Cambridge Univ Press}
}
@article{reed2003argumentation,
  title={Argumentation Machines: New frontiers in argumentation and computation},
  author={Reed, C.A. and Norman, T.J. and van Eemeren, F.H. and others},
  journal={Computational Linguistics},
  volume={31},
  number={1},
  year={2003}
}
@article{bench2007argumentation,
  title={Argumentation in artificial intelligence},
  author={Bench-Capon, T.J.M. and Dunne, P.E.},
  journal={Artificial Intelligence},
  volume={171},
  number={10},
  pages={619--641},
  year={2007},
  publisher={Elsevier}
}
@article{reed2005translating,
  title={Translating Toulmin diagrams: Theory neutrality in argument representation},
  author={Reed, C. and Rowe, G.},
  journal={Argumentation},
  volume={19},
  number={3},
  pages={267--286},
  year={2005},
  publisher={Springer}
}
@article{harrellcreating,
  title={Creating Argument Diagrams},
  author={Harrell, Mara}
}
@article{bitzer1959aristotle,
  title={Aristotle's enthymeme revisited},
  author={Bitzer, Lloyd F},
  journal={Quarterly Journal of Speech},
  volume={45},
  number={4},
  pages={399--408},
  year={1959},
  publisher={Taylor \& Francis}
}